<record><leader>00000cas a22000007a 4500</leader><controlfield tag="001">19050998</controlfield><controlfield tag="008">890123d19001942nduwr ne      0    0eng d</controlfield><datafield ind1=" " ind2=" " tag="010"><subfield code="a">sn 88076290 </subfield></datafield><datafield ind1=" " ind2=" " tag="040"><subfield code="a">NOP</subfield><subfield code="b">eng</subfield><subfield code="c">NOP</subfield><subfield code="d">OCLCQ</subfield></datafield><datafield ind1=" " ind2=" " tag="042"><subfield code="a">msc</subfield></datafield><datafield ind1="0" ind2=" " tag="130"><subfield code="a">International (Portal, N.D.)</subfield></datafield><datafield ind1="1" ind2="4" tag="245"><subfield code="a">The international.</subfield></datafield><datafield ind1=" " ind2=" " tag="260"><subfield code="a">Portal, Ward County, N.D. :</subfield><subfield code="b">W.H. Makee &amp; Son</subfield></datafield><datafield ind1=" " ind2=" " tag="300"><subfield code="a">v. :</subfield><subfield code="b">ill. ;</subfield><subfield code="c">59 cm.</subfield></datafield><datafield ind1=" " ind2=" " tag="310"><subfield code="a">Weekly</subfield></datafield><datafield ind1="1" ind2=" " tag="362"><subfield code="a">Began Apr. 1, 1900.</subfield></datafield><datafield ind1="0" ind2=" " tag="362"><subfield code="a">-v. 43, no. 46 (Dec. 17, 1942).</subfield></datafield><datafield ind1=" " ind2=" " tag="500"><subfield code="a">"Official paper of the City of Portal."</subfield></datafield><datafield ind1=" " ind2=" " tag="530"><subfield code="a">Available on microfilm from the State Historicxal Society of North Dakota.</subfield></datafield><datafield ind1=" " ind2=" " tag="588"><subfield code="a">Description based on: Vol. 4, no. 27 (Dec. 4, 1903).</subfield></datafield><datafield ind1=" " ind2=" " tag="752"><subfield code="a">United States</subfield><subfield code="b">North Dakota</subfield><subfield code="c">Burke</subfield><subfield code="d">Portal.</subfield></datafield><datafield ind1=" " ind2=" " tag="752"><subfield code="a">United States</subfield><subfield code="b">North Dakota</subfield><subfield code="c">Ward</subfield><subfield code="d">Portal.</subfield></datafield><datafield ind1="0" ind2="7" tag="785"><subfield code="t">Flaxton times</subfield><subfield code="w">(DLC)sn 88076453</subfield></datafield><datafield ind1="0" ind2="7" tag="785"><subfield code="t">Flaxton times and Portal international</subfield><subfield code="w">(DLC)sn 88076956</subfield></datafield><datafield ind1="1" ind2=" " tag="029"><subfield code="a">AU@</subfield><subfield code="b">000025837182</subfield></datafield></record>